<?xml version="1.0" encoding="UTF-8"?><collection xmlns="http://www.loc.gov/MARC21/slim"><record><leader>00474nam--2200193-u-4500</leader><controlfield tag="001">000050310</controlfield><controlfield tag="002">20161230</controlfield><controlfield tag="005">20161230201048</controlfield><controlfield tag="008">060525s1000------------r-----000-0-rus-d</controlfield><datafield ind1=" " ind2=" " tag="040"><subfield code="a">IFIN-HH</subfield></datafield><datafield ind1=" " ind2=" " tag="041"><subfield code="a">rus</subfield></datafield><datafield ind1=" " ind2=" " tag="080"><subfield code="a">51</subfield></datafield><datafield ind1="1" ind2=" " tag="100"><subfield code="a">Chebysheva,P.L</subfield></datafield><datafield ind1="1" ind2="0" tag="245"><subfield code="a">Matematicheskii analiz</subfield><subfield code="c">P.L.Chebysheva</subfield></datafield><datafield ind1=" " ind2=" " tag="260"><subfield code="a">Moskva</subfield><subfield code="b">Nauk SSSR</subfield><subfield code="c">1948</subfield></datafield><datafield ind1=" " ind2=" " tag="300"><subfield code="a">394 p</subfield></datafield><datafield ind1=" " ind2=" " tag="490"><subfield code="a">Polnoe sobranie cochinenii</subfield><subfield code="v">Tom III</subfield></datafield><datafield ind1=" " ind2=" " tag="852"><subfield code="a">662</subfield><subfield code="c">51</subfield></datafield><datafield ind1=" " ind2=" " tag="CAT"><subfield code="a">Sys</subfield><subfield code="c">20130124</subfield><subfield code="h">162203</subfield></datafield></record></collection>